@Article{Cousins:2005uf,
      author         = "Cousins, R. and Mumford, J. and Valuev, V.",
      title          = "{Forward-backward asymmetry of simulated and
                        reconstructed $ Z'$ $\rightarrow$ $\mu^+$ $\mu^- $ events in CMS}",
      year           = "2005",
      reportNumber   = "CERN-CMS-NOTE-2005-022",
      SLACcitation   = "%%CITATION = CERN-CMS-NOTE-2005-022;%%"
}

@Article{CMS:AFB_7TeV,
    author    = "{CMS Collaboration}",
    title = "Forward-backward asymmetry of Drell–Yan lepton pairs in pp collisions at $\sqrt{s} =$ 7 TeV",
    journal = "Phys. Lett. B",
    volume = "718",
    year = "2013",
    pages = "752",
    doi = "10.1016/j.physletb.2012.10.082."
}
@Article{CMS:AFB_8TeV,
    author    = "{CMS Collaboration}",
    title = "Forward-backward asymmetry of Drell–Yan lepton pairs in pp collisions at $\sqrt{s} =$ 8 TeV",
    journal="The European Physical Journal C",
    year="2016",
    volume="76",
    number="6",
    pages="325",
    doi="10.1140/epjc/s10052-016-4156-z",
}

@Article{PhysRevD.34.1530,
  title = {Extra gauge bosons in ${\mathrm{E}}_{6}$},
  author = {London, David and Rosner, Jonathan L.},
  journal = {Phys. Rev. D},
  volume = {34},
  issue = {5},
  pages = {1530--1546},
  numpages = {0},
  year = {1986},
  month = {Sep},
  publisher = {American Physical Society},
  doi = {10.1103/PhysRevD.34.1530},
  url = {https://link.aps.org/doi/10.1103/PhysRevD.34.1530}
}
    
        
@Article{PhysRevD.35.2244,
  title = {Off-peak lepton asymmetries from new Z's},
  author = {Rosner, Jonathan L.},
  journal = {Phys. Rev. D},
  volume = {35},
  issue = {7},
  pages = {2244--2247},
  numpages = {0},
  year = {1987},
  month = {Apr},
  publisher = {American Physical Society},
  doi = {10.1103/PhysRevD.35.2244},
  url = {https://link.aps.org/doi/10.1103/PhysRevD.35.2244}
}


@Article{PhysRevD.54.1078,
  title = {Forward-backward asymmetries in hadronically produced lepton pairs},
  author = {Rosner, Jonathan L.},
  journal = {Phys. Rev. D},
  volume = {54},
  issue = {1},
  pages = {1078--1082},
  numpages = {0},
  year = {1996},
  month = {Jul},
  publisher = {American Physical Society},
  doi = {10.1103/PhysRevD.54.1078},
  url = {https://link.aps.org/doi/10.1103/PhysRevD.54.1078}
}


@Article{Bodek2001,
author="Bodek, A.  and Baur, U.",
title="Implications of a 300--500 GeV / $c^2$ $Z'$ boson on $p \bar{p}$ collider data at $\sqrt{s} =$ 1.8 TeV", 
    journal="The European Physical Journal C - Particles and Fields",
    year="2001",
    month="Jul",
    day="01",
    volume="21",
    number="4",
    pages="607--611",

    issn="1434-6052",
    doi="10.1007/s100520100778",
    url="http://dx.doi.org/10.1007/s100520100778"
}
